@inproceedings{van2007python,
  title={Python Programming Language.},
  author={Van Rossum, Guido and others},
  booktitle={USENIX Annual Technical Conference},
  volume={41},
  pages={36},
  year={2007}
}

@book{utami2004logika,
  title={logika algoritma dan implementasinya dlm bahasa python di gnu/linux},
  author={Utami, Ema and Raharjo, Suwanto},
  year={2004},
  publisher={Penerbit Andi}
}

@phdthesis{malikhah2016eksplorasi,
  title={Eksplorasi Python Untuk Penyesuaian Modul Perkuliahan dan Praktikum di Teknik Informatika Unpas},
  author={MALIKHAH, NUR SOFIA and Leony Lidya, DS and Ade Sukendar, DS and others},
  year={2016},
  school={Fakultas Teknik Unpas}
}


