@article{oliphant2007python,
  title={Python for scientific computing},
  author={Oliphant, Travis E},
  journal={Computing in Science \& Engineering},
  volume={9},
  number={3},
  year={2007},
  publisher={IEEE}
}
