@article{lundh1999introduction,
  title={An introduction to tkinter},
  author={Lundh, Fredrik},
  journal={URL: www. pythonware. com/library/tkinter/introduction/index. htm},
  year={1999}
}
