@article{santoso2009bahasa,
  title={Bahasa Pemrograman Python Di Platform GNU/LINUX},
  author={Santoso, Berkah and Serpong, Gading and Tangerang, INDONESIA},
  journal={Jurnal Program Studi Teknik Informatika, Fakultas Teknologi Informasi dan Komunikasi Universitas Multimedia Nusantara Gading Serpong Tanggerang},
  year={2009}
}
@article{suparno2013komputasi,
  title={Komputasi untuk Sains dan Teknik},
  author={Suparno, Supriyanto and Fisika-FMIPA, Departemen and Indonesia, Univeristas},
  journal={Departemen Fisika-FMIPA Universitas Indonesia},
  year={2013}
}
@inproceedings{van2007python,
  title={Python Programming Language.},
  author={Van Rossum, Guido and others},
  booktitle={USENIX Annual Technical Conference},
  volume={41},
  pages={36},
  year={2007}
}
