@article{mccool1993common,
  title={The common gateway interface},
  author={McCool, Rob},
  journal={National Center for Supercomputing Applications, University of Illinois at Urbana-Champaign},
  year={1993}
}
@article{swaroop2003byte,
  title={A Byte of Python},
  author={Swaroop, CH},
  journal={Enlla{\c{c}} web},
  year={2003}
}