@book{santoso2009interaksi,
  title={Interaksi Manusia dan Komputer Edisi 2},
  author={Santoso, Insap},
  year={2009},
  publisher={Penerbit Andi}
}

@article{silaen2013perancangan,
  title={PERANCANGAN APLIKASI PEMBELAJARAN ALGORITMA RC4 UNTUK PENGAMANAN FILE GAMBAR},
  author={SILAEN, DANIEL RIDHO HARUN N and RIDHO, DANIEL},
  year={2013},
  publisher={Universitas Potensi Utama}
}

@phdthesis{putri2016eksplorasi,
  title={Eksplorasi Python Menggunakan Framework Django (Studi Kasus Sistem Perpustakaan Teknik Informatika Unpas)},
  author={PUTRI, ANGGIYASTI YAKTINING and Leony Lidya, DS and Ade Sukendar, DS and others},
  year={2016},
  school={Fakultas Teknik Unpas}
}

@article{cholissodinbelajar,
  title={BELAJAR CEPAT DAN PRAKTIS TENTANG GRAFIKA KOMPUTER},
  author={Cholissodin, Imam}
}

@misc{gray2017snake,
  title={Snake Charming-The Musical Python},
  author={Gray, Iain},
  publisher={Springer}
}

