@book{bird2009natural,
  title={Natural language processing with Python: analyzing text with the natural language toolkit},
  author={Bird, Steven and Klein, Ewan and Loper, Edward},
  year={2009},
  publisher={" O'Reilly Media, Inc."}
}

@article{santoso2009bahasa,
  title={Bahasa Pemrograman Python Di Platform GNU/LINUX},
  author={Santoso, Berkah and Serpong, Gading and Tangerang, INDONESIA},
  journal={Jurnal Program Studi Teknik Informatika, Fakultas Teknologi Informasi dan Komunikasi Universitas Multimedia Nusantara Gading Serpong Tanggerang},
  year={2009}
}

@article{santoso2009bahasa,
  title={Bahasa Pemrograman Python Di Platform GNU/LINUX},
  author={Santoso, Berkah and Serpong, Gading and Tangerang, INDONESIA},
  journal={Jurnal Program Studi Teknik Informatika, Fakultas Teknologi Informasi dan Komunikasi Universitas Multimedia Nusantara Gading Serpong Tanggerang},
  year={2009}
}

@inproceedings{van2007python,
  title={Python Programming Language.},
  author={Van Rossum, Guido and others},
  booktitle={USENIX Annual Technical Conference},
  volume={41},
  pages={36},
  year={2007}
}
