@book{maling2013coordinate,
  title={Coordinate systems and map projections},
  author={Maling, Derek Hylton},
  year={2013},
  publisher={Elsevier}
}
@article{stern2004latitude,
  title={Latitude and longitude},
  author={Stern, David P},
  journal={Web page, NASA, Goddard Space Flight Center, Greenbelt, Maryland},
  volume={17},
  year={2004}
}
@journal{stern2004latitude,
  title={Latitude and longitude},
  author={Stern, Dr. David P},
  journal={Web page, NASA, Goddard Space Flight Center, Greenbelt, Maryland},
  volume={17},
  year={2004}
}
@misc{mufidah2009pengantar,
  title={Pengantar GIS (Geographical Information System)},
  author={Mufidah, Nur Meita Indah},
  year={2009}
}
@book{maling2013coordinate,
  title={Coordinate systems and map projections},
  author={Maling, Derek Hylton},
  year={2013},
  publisher={Elsevier}
}
@article{stern2004latitude,
  title={Latitude and longitude},
  author={Stern, David P},
  journal={Web page, NASA, Goddard Space Flight Center, Greenbelt, Maryland},
  volume={17},
  year={2004}
}
@article{ppkaw2010eak,
  title={EAK 4652--GEOGRAPHICAL INFORMATION SYSTEM NOV 2010.},
  author={PPKAW, Pusat Pengajian Kejuruteraan Awam},
  year={2010}
}
@article{ppkaw2008eak465,
  title={EAK465-2-GEOGRAPHIC INFORMATION SYSTEM NOVEMBER 2008},
  author={PPKAW, Pusat Pengajian Kejuruteraan Awam},
  year={2008}
}
@article{ppkw2013eak465,
  title={EAK465-2-GEOGRAPHICAL INFORMATION SYSTEM JANUARY 2013},
  author={PPKW, Pusat Pengajian Kejuruteraan Awam},
  year={2013}
}
@article{fahnun2016sistem,
  title={SISTEM INFORMASI GEOGRAFIS KERAJINAN BERBASIS WEB DI WILAYAH BEKASI},
  author={Fahnun, Budi Utami and Prananingrum, Lely Lely and others},
  journal={KNTIA},
  volume={3},
  year={2016}
}
@book{de2012ball,
  title={The ball python manual},
  author={De Vosjoli, Philippe},
  year={2012},
  publisher={i5 Publishing}
}
@book{van2003python,
  title={Python language reference manual},
  author={Van Rossum, Guido and Drake, Fred L},
  year={2003},
  publisher={Network Theory}
}
