
@article{santoso2009bahasa,
  title={Bahasa Pemrograman Python Di Platform GNU/LINUX},
  author={Santoso, Berkah and Serpong, Gading and Tangerang, INDONESIA},
  journal={Jurnal Program Studi Teknik Informatika, Fakultas Teknologi Informasi dan Komunikasi Universitas Multimedia Nusantara Gading Serpong Tanggerang},
  year={2009}
}

@article{yudianto2007jaringan,
  title={Jaringan Komputer dan Pengertiannya},
  author={Yudianto, M Jafar Noor},
  journal={Jurnal Komunitas elearning IlmuKomputer. Com},
  year={2007}
}
